Name,Region,Company,Date,Sales
Brenden Cote,Central African Republic,Metus Corp.,"Feb 17, 2018",67044
Justina Reed,Namibia,Lobortis Ltd,"Apr 27, 2017",89517
Daquan Vinson,Svalbard and Jan Mayen Islands,A Mi Consulting,"Aug 14, 2016",62705
Connor Shelton,Niue,Parturient Consulting,"Feb 13, 2017",12675
Drew Carlson,Mayotte,Interdum Associates,"Sep 26, 2017",86670
Yoshio Curtis,Saint Martin,Ultrices Sit Amet Institute,"Apr 2, 2017",95955
Jason Finch,Oman,Dolor Sit Institute,"Jul 4, 2016",87802
Fatima Miranda,Iceland,Tellus Non Corp.,"Jul 25, 2017",153
Roth Clarke,Eritrea,Porttitor Limited,"Nov 16, 2016",58574
Matthew Brown,Dominica,Leo Cras LLC,"Jan 27, 2018",63420
Nero Cooper,Portugal,Dictum Placerat Augue Foundation,"Apr 23, 2016",19953
Kelsey Workman,Tuvalu,Semper Dui Lectus Industries,"Aug 7, 2016",19731
Thane Cox,Tunisia,Morbi Consulting,"May 14, 2016",93244
Wallace Underwood,Denmark,Elit Etiam Foundation,"Mar 10, 2017",75469
Denton Richmond,Argentina,Eu LLP,"Jan 2, 2018",47432
MacKenzie Cross,Tonga,Nam Consequat Dolor Inc.,"Mar 7, 2018",37567
Avram Dickerson,Micronesia,At PC,"Jan 14, 2017",80568
Christine Wilkerson,Georgia,Orci Luctus Et Foundation,"Dec 25, 2017",47633
Jennifer Meyer,Montenegro,Dolor Limited,"Jun 6, 2016",69823
Mechelle Rosario,Malawi,Gravida Foundation,"Sep 6, 2016",27036
Dolan Nolan,Kyrgyzstan,Curae; Institute,"Dec 7, 2017",18618
Cathleen Wong,Portugal,Pharetra Nam Ac LLP,"Aug 20, 2017",64228
Piper Daugherty,China,Eu Limited,"Jun 7, 2016",56331
Jerry Flowers,Fiji,Consectetuer Ipsum Nunc Limited,"Jul 24, 2017",5278
Brenden Gentry,Iceland,Diam Sed Diam Industries,"Oct 6, 2017",64906
Quincy Nicholson,Armenia,Lectus Rutrum Urna Foundation,"Jan 23, 2017",95842
Rosalyn Greene,Marshall Islands,Sem Ut Associates,"Jul 12, 2016",11631
Theodore Wheeler,Mongolia,Libero At Auctor Limited,"Apr 9, 2016",54697
Darius Grant,"Bonaire, Sint Eustatius and Saba",Dignissim Magna A Corporation,"Jun 11, 2017",10654
Arden Blankenship,Iran,Montes Institute,"Jun 24, 2016",77267
Margaret Daugherty,Colombia,Cursus Non Associates,"May 15, 2016",48103
Chaney Long,"Korea, South",Nec Tellus Nunc LLP,"Jan 21, 2018",44860
Jolie Simpson,Moldova,Et Ultrices Posuere Industries,"Jan 25, 2018",45174
Maxwell Price,Madagascar,Dui Fusce Limited,"Mar 6, 2017",48061
Orson Sullivan,Belgium,Elit Corporation,"May 21, 2017",28971
Victoria Burgess,Yemen,Tincidunt Orci Quis Foundation,"Jun 21, 2016",99408
Ava Mccall,Barbados,Felis Adipiscing Fringilla Limited,"Dec 4, 2017",88173
Chiquita Hines,Saint Martin,Sit Amet Associates,"Aug 20, 2017",78160
Wynne Terrell,Andorra,Ligula Elit Pretium LLC,"Aug 13, 2017",34136
Owen Hart,Netherlands,Sed Corp.,"Jun 20, 2017",35189
Farrah Juarez,Italy,Ac Mi Eleifend LLP,"Jun 24, 2017",44099
Amaya Johnson,Finland,Aliquam Industries,"Aug 16, 2017",40721
Hilary Brooks,Jersey,Sem Ltd,"Jan 4, 2018",19595
Celeste Sellers,Algeria,Ridiculus Institute,"Apr 11, 2017",56368
Leo Stephens,Norway,Pellentesque Sed PC,"Jun 9, 2016",67724
Cruz Woods,Austria,Est Ac Incorporated,"Jan 28, 2018",79972
Abbot Fulton,Montserrat,Ac Mattis Corp.,"Aug 12, 2017",99356
Yeo Brooks,Paraguay,Ligula Nullam Feugiat Incorporated,"Sep 26, 2016",401
Farrah Ward,China,Cursus Et Eros Limited,"Jul 31, 2016",77784
Cadman Conrad,Philippines,Aliquet Libero Integer Associates,"Oct 12, 2017",59
Wesley Daniels,Burundi,Sed Company,"Jul 24, 2017",48929
Hedy Nixon,Cameroon,Accumsan Institute,"Aug 23, 2016",41270
Otto Medina,Sierra Leone,Sodales Foundation,"Feb 6, 2017",44332
Alana Gilmore,Romania,Suspendisse Associates,"Nov 20, 2016",93914
Unity Black,"Congo, the Democratic Republic of the",Sagittis LLC,"Jun 15, 2017",33110
Mason Nichols,"Congo, the Democratic Republic of the",Sem Elit Foundation,"May 20, 2016",50418
Ava Pierce,Sudan,Nunc Consulting,"Jul 26, 2016",12898
Jenette Alvarado,Kazakhstan,Est Foundation,"Dec 15, 2017",19558
Nichole Maddox,Monaco,Montes Nascetur Industries,"Jan 31, 2017",44633
Mercedes Irwin,Reunion,Sem Eget LLP,"Dec 22, 2017",73134
Darius Howe,India,Sollicitudin A Malesuada Incorporated,"Jan 30, 2018",9086
Herrod Hobbs,Sudan,Urna Convallis Limited,"Apr 7, 2016",44685
Allegra Farrell,Slovenia,Nam Company,"Apr 21, 2016",99880
Ariana Morton,Montserrat,Sed Tortor Limited,"Mar 30, 2017",8345
Colleen Peterson,Egypt,Tellus Justo Sit Ltd,"Sep 25, 2016",23335
Lucas Sanders,Bouvet Island,Sed Consequat Incorporated,"Jul 13, 2017",71362
Beverly Gilmore,Mexico,Morbi Non Associates,"Jun 15, 2017",5629
Armando Jennings,Central African Republic,Morbi Vehicula Pellentesque Consulting,"Oct 16, 2016",84253
Raphael Jefferson,Marshall Islands,Erat Nonummy Corporation,"Mar 4, 2018",99752
Odette Velez,Qatar,Ligula Aenean Consulting,"Jun 14, 2016",48762
Roth Hendrix,Tonga,Faucibus Morbi Vehicula LLC,"Oct 28, 2016",53755
Keane Dillon,Niue,Imperdiet Ornare In Limited,"Jul 14, 2016",87054
Zena Walter,Antarctica,Cubilia Curae; Donec LLP,"Nov 20, 2016",94917
Imani Levy,Albania,A Odio Semper Associates,"Jun 1, 2017",23888
Emmanuel Dickerson,Saint Barth√©lemy,Felis Ullamcorper Viverra Company,"Jan 18, 2017",84065
Robert Boone,Puerto Rico,Metus In Consulting,"Jun 24, 2017",95617
Noelani Sparks,Chile,Etiam Laoreet Libero LLC,"Mar 21, 2016",9198
Tanya Foster,Taiwan,Vel Lectus Cum Company,"May 26, 2016",82303
Indigo Parrish,Burkina Faso,Fusce Ltd,"Dec 8, 2016",31086
Noel Rojas,Netherlands,Consectetuer Rhoncus Limited,"Dec 11, 2017",35317
Jordan Byers,Zimbabwe,Parturient LLP,"May 10, 2017",99114
Chester Faulkner,Gambia,Non Cursus Non Ltd,"Feb 20, 2018",52541
Kim Guerra,Viet Nam,Phasellus Ornare Fusce LLP,"Aug 28, 2016",93162
Lysandra Christian,Andorra,Risus Odio Auctor Company,"Jan 16, 2018",36797
Acton Matthews,Isle of Man,Proin Limited,"Jul 22, 2017",9568
Amaya Murray,"Palestine, State of",Turpis PC,"Jan 9, 2017",33138
Odysseus Chambers,United Kingdom (Great Britain),Feugiat Sed Institute,"Jan 16, 2017",73514
Malachi Horton,Somalia,Molestie Foundation,"Oct 12, 2017",46696
Alea Kinney,Azerbaijan,Velit Limited,"Jun 13, 2016",64475
Hunter Mack,Armenia,Sem Ut LLC,"Apr 24, 2017",52408
Steel Andrews,Togo,Sed Dictum Eleifend Industries,"Sep 11, 2016",68311
Chelsea Pollard,Malawi,Cras Convallis PC,"May 23, 2016",55208
Beverly Goodman,Gibraltar,Fringilla Company,"Mar 24, 2017",80038
Keiko Sexton,Cambodia,Ligula Aenean Industries,"Jan 11, 2018",6974
Doris Mcgee,Macao,Urna Corp.,"May 28, 2016",12070
Mara Beck,Holy See (Vatican City State),Mauris Ut LLC,"Jul 28, 2016",33709
Ainsley Shaw,Seychelles,Ligula Nullam Corp.,"Dec 5, 2017",29564
Libby Lindsey,Qatar,Convallis Corp.,"Nov 5, 2016",10583
Cody Langley,Isle of Man,Est Mollis Company,"Oct 9, 2017",98167
Colt Schultz,Guadeloupe,Dolor Nonummy Inc.,"Nov 18, 2017",39988
